<record><leader>00000cas a22000007a 4500</leader><controlfield tag="001">20301353</controlfield><controlfield tag="008">890905d19441962ndudn ne      0    0eng d</controlfield><datafield ind1=" " ind2=" " tag="010"><subfield code="a">sn 89074279 </subfield></datafield><datafield ind1=" " ind2=" " tag="040"><subfield code="a">NOP</subfield><subfield code="b">eng</subfield><subfield code="c">NOP</subfield><subfield code="d">OCLCQ</subfield></datafield><datafield ind1=" " ind2=" " tag="042"><subfield code="a">msc</subfield></datafield><datafield ind1="0" ind2="0" tag="245"><subfield code="a">Valley City times-record and the Barnes County news.</subfield></datafield><datafield ind1=" " ind2=" " tag="260"><subfield code="a">Valley City, N.D. :</subfield><subfield code="b">Don C. Matchan</subfield></datafield><datafield ind1=" " ind2=" " tag="300"><subfield code="a">22 v. :</subfield><subfield code="b">ill. ;</subfield><subfield code="c">55-57 cm.</subfield></datafield><datafield ind1=" " ind2=" " tag="310"><subfield code="a">Daily (except Sunday)</subfield></datafield><datafield ind1="0" ind2=" " tag="362"><subfield code="a">Vol. 40, no. 36 (Oct. 2, 1944)-v. 62, no. 97 (Jan. 5, 1962).</subfield></datafield><datafield ind1=" " ind2=" " tag="500"><subfield code="a">Official newspaper of Barnes County and Valley City, 1944-1962.</subfield></datafield><datafield ind1=" " ind2=" " tag="500"><subfield code="a">Publisher's block reads: Valley City times-record[,] the Dakota press and the Barnes County news, 1948-1962.</subfield></datafield><datafield ind1=" " ind2=" " tag="530"><subfield code="a">Available on microfilm from the State Historical Society of North Dakota.</subfield></datafield><datafield ind1=" " ind2=" " tag="752"><subfield code="a">United States</subfield><subfield code="b">North Dakota</subfield><subfield code="c">Barnes</subfield><subfield code="d">Valley City.</subfield></datafield><datafield ind1="0" ind2="4" tag="780"><subfield code="t">Valley City times-record (Valley City, N.D. : 1928)</subfield><subfield code="w">(DLC)sn 89074278</subfield></datafield><datafield ind1="0" ind2="4" tag="780"><subfield code="t">Barnes County news</subfield><subfield code="w">(DLC)sn 89074253</subfield></datafield><datafield ind1="0" ind2="5" tag="780"><subfield code="t">Dakota press</subfield><subfield code="w">(DLC)sn 89074249</subfield></datafield><datafield ind1="0" ind2="0" tag="785"><subfield code="t">Valley City and Barnes County times-record</subfield><subfield code="w">(DLC)sn 89074280</subfield></datafield></record>